%%%%%%%%%%%%%%%%%% BIBLIOGRAPHICAL DATABASE %%%%%%%%%%%%%%%%%%%%%%%%%%%%%%%%%%

%  Journals

@string{EJOR    = "European Journal of Operations Research"}
@string{IJNME   = "International Journal on Numerical Methods in Engineering"}
@string{IMAJNA  = "IMA Journal of Numerical Analysis"}
@string{JIMA    = "Journal of the Institute of Mathematics
                   and its Applications"}
@string{JOTA    = "Journal of Optimization Theory and Applications"}
@string{LAA     = "Linear Algebra and its Applications"}
@string{MC      = "Mathematics of Computation"}
@string{MP      = "Mathematical Programming"}
@string{MPA     = "Mathematical Programming, Series~A"}
@string{MPB     = "Mathematical Programming, Series~B"}
@string{MPS     = "Mathematical Programming Studies"}
@string{NLAA    = "Numerical Linear Algebra with Applications"}
@string{NUMMATH = "Numerische Mathematik"}
@string{RTS     = "Recherche-Transports-S\'ecurit\'e"}
@string{SIADM   = "SIAM Journal on Algebraic and Discrete Methods"}
@string{SINUM   = "SIAM Journal on Numerical Analysis"}
@string{SICON   = "SIAM Journal on Control and Optimization"}
@string{SIOPT   = "SIAM Journal on Optimization"}
@string{SISSC   = "SIAM Journal on Scientific and Statistical Computing"}
@string{SIAPM   = "SIAM Journal on Applied Mathematics"}
@string{SIAMA   = "SIAM Journal on Matrix Analysis and Applications"}
@string{SIMAX   = "SIAM Journal on Matrix Analysis and Applications"}
@string{SIREV   = "SIAM Review"}
@string{TOMS    = "ACM Transactions on Mathematical Software"}
@string{TRA     = "Transportation Research, Series~A"}
@string{TRB     = "Transportation Research, Series~B"}
@string{TR      = "Transportation Research"}
@string{TS      = "Transportation Science"}
@string{TEC     = "Traffic Engineering + Control"}
@string{ORSAC   = "ORSA Journal of Computing"}
@string{JCAM    = "Journal of Computational and Applied Mathematics"}
@string{JCP    = "Journal of Computational Physics"}

%  Places

@string{RAL = "Rutherford Appleton Laboratory"}
@string{ANL = "Argonne National Laboratory"}

%  Publishers

@string{ADW     = "Addison-Wesley Publishing Company"}
@string{AP      = "Academic Press"}
@string{EYR     = "Editions Eyrolles"}
@string{KLU     = "Kluwer Academic Publishers"}
@string{MACGH   = "McGraw-Hill"}
@string{MAN     = "Manchester University Press"}
@string{MITP    = "The MIT Press"}
@string{OR      = "O'Reilly \& Associates"}
@string{PH      = "Prentice-Hall"}
@string{PPR     = "Presses Polytechniques Romandes"}
@string{SIAM    = "SIAM"}
@string{WILEY   = "J. Wiley and Sons"}

@book{abbd:95,
   author = "E. Anderson and Z. Bai and C. Bischof and J. Demmel and
      J. Dongarra and J. Du Croz and A. Greenbaum and
      S. Hammarling and A. McKenney and S. Ostrouchov and
      D. Sorensen",
   year = "1992",
   title = "{LAPACK} Users' Guide",
   publisher = "SIAM",
   address = "Philadelphia, {PA}.",
   edition = "second",
   kwds = "book, nla, software"
}

@book{fletcher,
   author = "R. Fletcher",
   year = "1987",
   title = "Practical Methods of Optimization",
   publisher = "John Wiley \& Sons",
}

@article{nocedal,
   author = "D. C. Liu and J. Nocedal",
   year = "1989",
   title = "On the Limited Memory Method for Large Scale Optimization",
   journal = "Math. Programming, B",
   volume = "45",
   number = "3",
   pages = "503--528",
}

@article{arno:51,
   author = "W. E. {A}rnoldi",
   year = "1951",
   title = "The Principle of Minimized Iterations in the Solution of the
            Matrix Eigenvalue Problem",
   journal = "Quarterly of Applied Mathematics",
   volume = "9",
   pages = "17--29",
   kwds = "nla, Arnoldi's method, eig, sparse"
}

@article{payne:92,
   author = "M. C. Payne and M. P. Teter and D. C. Allen and 
             T. A. Arias and J. D. Joannopoulos", 
   year = "1992",
   title = "Iterative minimization techniques for {\em ab initio}
            total energy calculation: molecular dynamics and 
            conjugate gradients",
   journal = "Reviews of Modern Physics",
   volume = "64",
   number = "4",
   pages = "1045--1097",
}

@article{edelman,
   author = "A. Edelman and T. A. Arias and S. T. Smith",
   year = "1998",
   title = "The Geometry of Algorithms with Orthogonality
            Constraints",
   journal = "SIAM J. Matrix Anal. Appl.",
   volume = "20",
   number = "2",
   pages = "303--353",
}


@article{hk:51,
   author = "M. R. Hestenes and W. Karush", 
   year = "1951",
   title = "A method of Gradients for the Calculation of the
            Characteristic Roots and Vectors of a Real Symmetric Matrix",
   journal = "Journal of Research of the National Bureau of Standards",
   volume = "47",
   number = "1",
   pages = "45--61",
}

@article{fr:64,
   author = "R. Fletcher and C. M Reeves",
   year = "1964",
   title = "Function minimization by conjugate gradients",
   journal = "Computer Journal",
   volume = "7",
   pages = "149-154"
}

@article{pr:69,
   author = "E. Polak and G. Ribi{\'e}re",
   year = "1969",
   title = "Note sur la convergence de m{\'e}thodes de 
            directions conjugu{\'e}es", 
   journal = "Revue Francaise d'Informatique et de Recherche 
              Op{\'e}rationnelle",
   volume = "16",
   pages = "35--43",
}


@article{teter:89,
   author  = "M. P. Teter and M. C. Payne and D. C. Allan",
   year     = "1989",
   title   = "Solution of {S}chr{\"o}dinger's equation for large systems",
   journal = "Physical Review B",
   volume  = "40",
   number  = "18",
   pages   = "12255--12263",
}


@article{kress:pr,
   author = "G. Kresse and J. Furtthm{\"u}ller",
   year   = "1996",
   title  = "Efficient iterative schemes for {\em ab initio}
             total-energy calculations using a plane-wave basis set",
   journal = "Physical Review B",
   volume  = "54",
   number  = "16",
   pages   = "11169 -- 11185"
}


@article{kress:cms,
   author  = "G. Kresse and J. Furthm{\"u}ller",
   year    = "1996",
   title   = "Efficiency of ab initio total energy calculations for
              metals and semiconductors using a plane-wave basis set",
   journal = "Computational Materials Science",
   volume  = "6",
   pages   = "15--50",
}

@article{lobpcg,
   author = "A. Knyazev",
   year = "2001",
   title = "Toward the Optimal Preconditioned Eigensolver:
            Locally Optimal Block Preconditioned
            Conjugate Gradient Method",
   journal = "SIAM J. Sci. Comput.",
   volume = "22",
   number = "2",
   pages = "517--541",
}


@article{jd1,
  author = "G. L. G. Sleijpen and H.A. {Van der Vorst}",
  title = "A {J}acobi-{D}avidson iteration method for linear
          eigenvalue problems",
  journal = "SIAM Journal on Matrix Analysis and Applications",
  volume = "17",
  number = "2",
  month = "April",
  pages =  "401--425",
  year = "1996",
}

@article{jd2,
 author = "G.L.G. Sleijpen and J.G.L. Booten and D.R. Fokkema and
          H.A.  {Van der Vorst}",
  title = "{J}acobi-{D}avidson Type Methods for Generalized
          Eigenproblems and Polynomial Eigenproblems",
  journal = "BIT",
  volume = "36",
  number = "3",
  year = "1996",
  pages = "595--633",
}

@article{jdqr,
  author = "D. R. Fokkema and G. L. G. Sleijpen and H.A. {Van der Vorst}",
  title = "A {J}acobi-{D}avidson style {QR} and {QZ} algorithm for the
           partial reduction of matrix pencils",
  journal = "SIAM J.\ Sci.\ Comput.",
  volume = "20",
  pages =  "94--125",
  year = "1998",
}

@article{pulay:80,
   author = "P. Pulay",
   title = "Convergence Acceleration of Iterative Sequences: The case of
            {SCF} Iteration",
   journal = "Chemical Physics Letters",
   year = "1980",
   volume = "73",
   number = "2",
   pages = "393--398",
}

@article{pulay:82,
   author = "P. Pulay",
   title = "Improved {SCF} Convergence Acceleration",
   journal = "Journal of Computational Chemistry",
   year = "1982",
   volume = "3",
   number = "4",
   pages = "556--560",
}


@article{voorhis:2002,
   author = "T. Van Voorhis and M. Head-Gordon",
   title = "A Geometric Approach to Direct Minimization",
   journal = "Molecular Physics",
   year = "2002",
   volume = "100",
   number = "11",
   pages = "1713--1721",
}

@article{gillan:89,
   author = "M. J. Gillan",
   title = "Calculation of the vacancy formation in aluminum",
   journal = "J. Phys. Condens. Matter",
   year = "1989",
   volume = "1",
   pages  = "689--711",
}

@book{saad:92,
   author = "Y. Saad",
   year = "1992",
   title = "Numerical Methods for Large Eigenvalue Problems",
   publisher = "Halsted Press",
}  


@book{stewart,
   author = "G. W. Stewart", 
   year = "2001",
   title = "Matrix Algorithms, Volume II: Eigensystems",
   publisher = "SIAM",
}

@book{gv,
   author = "G. H. Golub and C. F. {Van Loan}",
   year = "1989",
   title = "Matrix Computations",
   publisher = "Johns Hopkins",
   edition = "Third",
}

@article{qr1,
   author = "J. G. F. Francis",
   year = "1961",
   title = "The {QR} Transformation a unitary analogue to the {LR}
            transformation - Part 1",
   journal = "The Computer Journal",
   volume = "4",
   month = "October",
   pages = "265--271",
}

@article{qr2,
   author = "J. G. F. Francis",
   year = "1962",
   title = "The {QR} Transformation - Part 2",
   journal = "The Computer Journal",
   volume = "4",
   month = "January",
   pages = "332--345",
}

% metis software
@manual{kaku:98a,
  author        = "G. Karypis and V. Kumar",
  title         = "{\sc Me$\!$T$\!$iS} -- A Software Package for
Partitioning
                   Unstructured Graphs, Partitioning Meshes, and Computing
                   Fill-Reducing Orderings of Sparse Matrices --
Version~4.0",
  organization  = "{U}niversity of {M}innesota",
  month         = sep,
  year          = "1998",
}

@techreport{duffgrimes92,
author = {Duff, I.S. and Grimes, R.G. and Lewis, J.G.},
title = {Users' Guide for the {Harwell-Boeing} Sparse Matrix
         Collection (Release 1)},
institution = {Rutherford Appleton Laboratory},
number = {RAL-92-086},
month = {December},
year = {1992} }


@book{parl:80,
   author = "B. N. Parlett",
   year = "1980",
   title = "The Symmetric Eigenvalue Problem",
   publisher = "Prentice-Hall",
}

@article{lanczos,
   author = "C. Lanzcos",
   year = "1950",
   title = "An iteration method for the solution of the eigenvalue
            problem of linear differential and integral operators",
   journal = "Journal of Research of the National Bureau of Standards",
   volume = "45",
   number = 4,
   month = "October",
   pages = "255--282",
   note = "Research Paper 2133",
}


@article{davidson,
   author      = "E. R. Davidson",
   title       = "The iterative calculation of a few of the lowest
                  eigenvalues and corresponding eigenvectors of large real
                  symmetric matrices",
   journal     = "Journal of Computational Physics",
   volume      = "17",
   year        = "1975",
   pages       = "87-94"
}

@article{olsen,
   author= "J. Olsen and P. Jorgensen and J. Simons",
   title = "Passing the one-billion limit in full configuration-interaction
            ({FCI}) calculations",
   journal = "Chemical Physics Letters",
   volume = "169",
   year = "1990",
   pages = "463--472"
}

@article{pcg,
   author= "M. R. Hestenes and W. Karush",
   title = "A Method of Gradients for the Calculation of the 
            Characteristic Roots and Vectors of a Real Symmetric Matrix",
   journal = "Journal of Research of the National Bureau of Standards",
   volume = "47",
   year = "1951",
   pages = "45--61"
}

@article{sqp,
   author= "P. T. Boggs and J. W. Tolle", 
   title = "Sequential Quadratic Programming", 
   journal = "Acta Numerica",
   year = "1995",
   pages= "1--52"
}

@article{ieee,
   author= "S. Goedecker and G. Scuseria",
   title = "Linear Scaling Electronic Structure Methods in Chemistry 
            and Physics",
   journal = "IEEE Comp. Sci. Eng.",
   year = "2003",
   volume = "5",
   pages = "14--21"
}

@article{zunger82,
   author= "P. Bendt and A. Zunger",
   title = "New Approach for Solving the Density-functional self-consistent
            field problem",
   journal = "Physical Rev. B",
   year    = "1982",
   volume  = "26",
   pages   = "3114--3137"
}

@book{arpack,   
   author = "R. B. Lehoucq and D. C. Sorensen and C. Yang",
   title  = "ARPACK USERS GUIDE: Solution of Large Scale Eigenvalue Problems
             by Implicitly Restarted Arnoldi Methods",
   year   = "1998",
   publisher = "SIAM",
   address = "Philadelphia, PA" 
}

@article{trscf:04,
   author = "L. Thogersen and J. Olsen and D. Yeager and P. Jorgensen",
   title  = "The trust-region self-consistent field method: Towards
             a black-box optimization in {H}artree-{F}ock and
             {K}ohn-{S}ham theories",
   journal = "J. Chem. Phys.",
   volume  = 121,
   number  = 1,
   pages   = "16--27",
   year    = 2004
}

@article{saunders:73,
   author = "V. R. Saunders and I. H. Hillier", 
   title  = "A level-shifting method for converging closed shell 
             {H}artree-{F}ock wavefunctions",
   journal = "Int. J. Quantum Chem.",
   volume  = 7,
   pages   = "699--705",
   year    = 1973 
}

@book{conn:00,   
   author = "A. R. Conn and N. I. M. Gould and P. L. Toint",
   title  = "Trust-Region Methods", 
   year   = "2000",
   publisher = "SIAM",
   address = "Philadelphia, PA" 
}

@book{nwbook,
   author = "J. Nocedal and S. Wright",
   year = "1999",
   title = "Numerical Optimization",
   publisher = "Springer-Verlag",
   address = "New York",
}

@article{dcm,
   author = "C. Yang and J. C. Meza and L. W. Wang",
   year   = "2005",
   title = "A Constrained Optimization Algorithm for Total
            Energy Minimization in Electronic Structure
            Calculation",
   journal="Journal of Computational Physics",
   volume = "217",
   pages = "709--721",
}  

@article{trdcm,
   author = "C. Yang and J. C. Meza and L. W. Wang",
   year   = "2007",
   title = "A Trust Region Direct Constrained Minimization Algorithm for 
            the {K}ohn-{S}ham Equation",
   journal="SIAM J. Sci. Comp.",
   volume = "29",
   number = "5",
   pages = "1854--1875"
}  

@article{clscf:00,
   author = "E. Canc{\`{e}}s and C. {Le Bris}",
   title  = "On the convergence of {SCF} algorithm for the
             {H}artree-{F}ock equations",
   journal = "Math. Models. Numer. Anal.",
   volume  = 34,
   pages   = "749--7774",
   year    = 2000 
}

@article{lebris:05,
   author = "C. {Le Bris}",
   title  = "Computational Chemistry from the Perspective 
             of Numerical Analysis",
   journal = "Acta Numerica",
   volume  = 14,
   pages   = "363--444",
   year    = 2005 
}

@article{trmin:82,
   author= "A. H. Sameh and J. A. Wisniewski",
   title = "A Trace Minimization Algorithm for the Generalized
            Eigenvalue Problem",
   journal = SINUM,
   volume = "19",
   number = "6",
   year = "1982",
   pages = "1243--1259"
}

@article{kerker,
   author = "G. P. Kerker",
   title  = " Efficient iteration scheme for self-consistent pseudopotential calculations",
   journal = "Phys Rev. B",
   volume  = "23",
   pages = "3082--3084",
   year  = "1981",
}

@article{petot,
   author = "L. Wang",
   title  = "{PETOT}",
   journal = "http://hpcrd.lbl.gov/$\sim$linwang/PEtot/PEtot.htm",
}

@article{knyazev,
   author = "A. V. Knyazev",
   title  = "Toward the Optimal Preconditioned Eigensolver: {L}ocally {O}ptimal
             {B}lock {P}reconditioned {C}onjugate {G}radient Method",
   journal = "SIAM J. Sci. Comput.",
   volume  = "23",
   pages   = "517--541",
   year    = "2001",
}

@article{arias:92,
   author = "T. A. Arias and M. C. Payne and J. D. Joannopoulos",
   title  = " Ab Initio Molecular Dynamics: Analytically Continued Energy
              Functionals and Insights into Iterative Solutions",
   journal = "Phys. Rev. Lett.",
   volume  = "69",
   pages   = "1077--1080", 
   year    = 1992,
}

@article{vh:2003,
   author = "J. VandeVondele and Jurg Hutter",
   title  = "An efficient orbital transformation method for electronic
             structure calculations",
   journal = "Journal of Chem. Phys.",
   volume  = 118,
   pages   = "4365--4369",
   year    = 2003,
}

@article{perdew,
   author = "J. P. Perdew and A. Zunger",
   title = "Self-interaction correction to density-functional approximation
             for many-electron systems",
   journal = "Phys. Rev. B",
   volume  = 23,
   pages   = "5048--5079",
   year    = 1981,
}

@article{perdew92,
   author = "J. P. Perdew and Y. Wang",
   title = "Accurate and simple analytic representation of
            the electron-gas correlation energy",
   journal = "Phys. Rev. B",
   volume  = 45,
   pages   = "13244--13249",
   year    = 1992,
}

@article{Ihm,
   author = "J. Ihm and A. Zunger and M. L. Cohen",
   title = "Momentum-space formalism for the total energy of solids",
   journal = "J. Phys. C: Solid State Physics",
   volume  = 12,
   pages   = "4409--4422",
   year    = 1979,
}

@article{Pickett,
   author = "W. E. Pickett",
   title = "Pseudopotential methods in condensed matter applications",
   journal = "Computer Physics Report",
   volume  = 9,
   pages   = "115--197",
   year    = 1989,
}

@article{kbpseudo,
   author = "L. Kleinman and D. M. Bylander",
   title = "Efficacious from for model pseudopotentials",
   journal = "Phys. Rev. Lett.",
   volume  = 48,
   pages   = "1425",
   year    = 1982
}

@article{ritz,
   author = "W. Ritz",
   title = "Ueber eine neue methode zur L{\"o}sung gewisser variationsproblem der mathematischen physik",
   journal = "J. Reine Angew. Math",
   volume  = "135",
   pages   = "1--61",
   year    = 1908,
}

@article{kohnsham,
   author = "W. Kohn and L. J. Sham",
   title = "Self-consistent Equations including Exchange and Correlation Effects",
   journal = "Phys. Rev.",
   volume  = "140",
   number = "4A",
   pages   = "A1133-A11388",
   year    = 1965,
}

@article{dft:64,
   author = "P. Hohenberg and W. Kohn",
   title = "Inhomogeneous Electron Gas", 
   journal = "Phys. Rev. B",
   volume  = "136",
   number = "3B",
   pages   = "B864-B871",
   year    = 1964,
}


@article{bloch,
   author = "Felix Bloch",
   title = "{\"{U}}ber die {Q}uantenmechanik der {E}lektronen in {K}ristallgittern",
   journal = "Z. Physik",
   volume  = "52",
   pages   = "555-600",
   year    = 1928,
}

@book{am:76,
   author = "N. W. Ashcroft and N. D. Mermin",
   year = "1976",
   title = "Solid State Physics",
   publisher = "Brooks Cole",
   address = "Pacific Grove, CA"
}

@article{phillips58,
   author = "J. C. Phillips",
   title = "Energy-band Interpolation Scheme Based on a Pseudopotential", 
   journal = "Phys. Rev.",
   volume  = "112",
   number = "3",
   pages   = "685-695",
   year    = 1958,
}

@article{pk59,
   author = "J. C. Phillips and L. Kleinman",
   title = "New Method for Calculating Wave Functions in Crystals and Molecules",
   journal = "Phys. Rev.",
   volume  = "116",
   number = "2",
   pages   = "287-294",
   year    = 1958,
}

@article{yincohen82,
   author = "M. T. Yin and M. L. Cohen",
   title = "Theory of {\em ab initio} pseudopotential calculations",
   journal = "Phys. Rev. B",
   volume  = "25",
   number = "12",
   pages   = "7403-7412",
   year    = 1982,
}

@article{nyquist,
   author = "H. Nyquist",
   title = "Certain topics in telegraph transmission theory",
   journal = "Trans. AIEE",
   volume  = "47",
   pages   = "617--644",
   year    = 1928
}


@article{parsec,
   author = "L. Kronik and A. Makmal and M. L. Tiago and
             M. M. G. Alemany and M. Jain and X. Huang and Y. Saad
             and J. R. Chelikowsky",
   title = "{PARSEC} - The pseudopotential algorithm
            for real-space electronic structure calculations:
            recent advances and novel applications to 
            nano-structures",
   journal = "Phys. Stat. Sol.",
   volume  = "5",
   pages   = "1063--1079",
   year    = "2006",
}

@book{vanloanbook,
   author = "C. {Van Loan}",
   year = "1987",
   title = "Computational Frameworks for the {F}ast {F}ourier {T}ransform",
   publisher = "SIAM",
   address = "Philadelphia, PA"
}

@techreport{usergd,
author = "C. Yang",
title = "{KSSOLV} User's Guide",
institution = {Lawrence Berkeley National Laboratory},
number = {LBNL-63661},
month = {December},
year = {2007} }

@article{tomfermi,
   author = "D. Raczkowski and A. Canning and L. W. Wang",
   title = "{T}homas-{F}ermi charge mixing for 
            obtaining self-consistency in density functional calculations",
   journal = "Physical Review B",
   volume  = "64",
   pages   = "121101-1--4",
   year    = "2001"
}

@article{focc,
   author = "E. Canc{\'{e}}s",
   title = "Self-consistent field algorithms for {K}ohn-{S}ham
            models with fractional occupation numbers",
   journal = "J. Chem. Phys.",
   volume  = "114",
   pages   = "10616-10622",
   year    = "2001"
}

@techreport{bekas05,
author = {C. Bekas and E. Kokiopoulou and Y. Saad},
title = "Polynomial filtered Lanczos iterations with applications
         in Density Functional Theory",
institution = "University of Minnesota",
number = {umsi-2005-117},
month = {July},
year = {2005} 
}

@article{zhou06,
   author = "Y. Zhou and Y. Saad and M. L. Tiago and J. R. Chelikowsky",
   title = "Parallel Self-Consistent-Field Calculations using
            Chebyshev-filtered subspace acceleration",
   journal = "Physical Review E.",
   volume  = "74",
   pages   = "066704-1-8",
   year    = "2006"
}

@article{ediis,
   author = "K. N. Kudin and G. E. Scuseria and E. Cances",
   title = "A black-box self-consistent field convergence
            algorithm: One step closer",
   journal = "J. Chem. Phys.",
   volume  = "116",
   number  = "19",
   pages   = "8255-8261",
   year    = "2006"
}

@article{tmpseudo,
  author = {N. Troullier and J. L. Martins},
  title = {Efficient pseudopotentials for plane-wave calculations},
  journal = "Phys. Rev. B",
  year = "1991",
  volume = {43},
  pages = {1993--2005},
}

@book{pjdavis,
  title = {Circulant Matrices},
  publisher = {Wiley},
  address = "New York",
  year = {1979},
  author = "P. J. Davis",
}


@ARTICLE{ewald,
  author = {P. P. Ewald},
  title = {Die {B}erchnung optischer und elektrostatischer {G}itterpotentiale},
  journal = {Ann. Phys.},
  year = {1921},
  volume = {64},
  pages = {253--287},
}

@ARTICLE{kssolv,
  author = "C. Yang and J. C. Meza and B. Lee and L-W. Wang",
  title = {{KSSOLV}: A {MATLAB} Toolbox for solving the {K}hon-{S}ham
           equations},
  journal = {ACM Trans. Math. Soft.},
  year = {2009},
  volume = {to appear}
}

@ARTICLE{anderson,
  author = "D. G. Anderson",
  title = "Iterative Procedures for Nonlinear Integral Equations",
  journal = "J. Assoc. Comput. Mach.",
  year = {1965},
  volume = "12",
  pages = "547"
}

@ARTICLE{eyert,
  author = "V. Eyert",
  title = "A Comparison Study on Methods for Convergence Acceleration
           of Iterative Vector Sequences",
  journal = "J. Comp. Phys.",
  year = {1996},
  volume = "124",
  pages = "271--285"
}

@ARTICLE{luke,
  author = "L. Marks and R. Luke",
  title = "Robust mixing for {\em ab initio} quantum mechanical
           calculations",
  journal = "Phys. Rev. B",
  year = {2008},
  volume = "78",
  pages = "075114-1--12"
}

@ARTICLE{fangsaad,
  author = "H. R. Fang and Y. Saad",
  title = "Two classes of multisecant methods for nonlinear acceleration",
  journal = "Numerical Linear Algebra and Its Applications",
  year = {2009},
  volume = "to appear",
}

