@article{KSSOLV2,
    author = { Li, Yingzhou and Lin, Lin and Yang, Chao},
    journal = {In preparation},
    title = {{KSSOLV2: A MATLAB Toolbox for Electron Structure
        Calculation}},
    year = {2016}
}
